@book{Turabian,
  author = {Kate L. Turabian},
  title = {A Manual for Writers of Research Papers, Theses, and Dissertations:
    Chicago Style for Students and Researchers},
  edition = {\nth{8} ed.},
  editor = {Wayne C. Booth and Gregory G. Colomb and Joseph M. Williams},
  address = {Chicago},
  publisher = {University of Chicago Press},
  year = {2013}
}
